<record><leader>00000cas a2200000 a 4500</leader><controlfield tag="001">10176107</controlfield><controlfield tag="008">831201d18351837msuwr ne      0    0eng  </controlfield><datafield ind1=" " ind2=" " tag="010"><subfield code="a">sn 83016854 </subfield></datafield><datafield ind1=" " ind2=" " tag="040"><subfield code="a">DLC</subfield><subfield code="b">eng</subfield><subfield code="c">DLC</subfield><subfield code="d">PPM</subfield><subfield code="d">MSJ</subfield><subfield code="d">NVK</subfield><subfield code="d">OCL</subfield><subfield code="d">CRL</subfield><subfield code="d">CUI</subfield><subfield code="d">DLC</subfield><subfield code="d">OCLCQ</subfield><subfield code="d">OCLCF</subfield><subfield code="d">OCLCA</subfield></datafield><datafield ind1=" " ind2=" " tag="042"><subfield code="a">pcc</subfield></datafield><datafield ind1=" " ind2=" " tag="043"><subfield code="a">n-us-ms</subfield></datafield><datafield ind1="0" ind2="0" tag="050"><subfield code="a">Newspaper</subfield></datafield><datafield ind1=" " ind2="4" tag="050"><subfield code="a">AN</subfield></datafield><datafield ind1="0" ind2=" " tag="130"><subfield code="a">Mississippi free trader and Natchez gazette (Natchez, Miss. : 1835)</subfield></datafield><datafield ind1="1" ind2="4" tag="245"><subfield code="a">The Mississippi free trader and Natchez gazette.</subfield></datafield><datafield ind1="1" ind2="7" tag="246"><subfield code="a">Mississippi free trader</subfield></datafield><datafield ind1="1" ind2="3" tag="246"><subfield code="a">Free trader</subfield></datafield><datafield ind1=" " ind2=" " tag="260"><subfield code="a">Natchez, Miss. :</subfield><subfield code="b">De Rush, Stanton &amp; Besancon,</subfield><subfield code="c">1835-1837.</subfield></datafield><datafield ind1=" " ind2=" " tag="300"><subfield code="a">v. :</subfield><subfield code="b">ill. (chiefly advertisements) ;</subfield><subfield code="c">59 cm.</subfield></datafield><datafield ind1=" " ind2=" " tag="310"><subfield code="a">Weekly</subfield></datafield><datafield ind1="0" ind2=" " tag="362"><subfield code="a">Vol. 1, no. 1 (Aug. 4, 1835)-v. 2, no. 37 (Apr. 14, 1837).</subfield></datafield><datafield ind1=" " ind2=" " tag="500"><subfield code="a">Publishers: Stanton &amp; Besancon, Sept. 8, 1835-Sept. 2, 1836.</subfield></datafield><datafield ind1=" " ind2=" " tag="500"><subfield code="a">Title varies slightly.</subfield></datafield><datafield ind1=" " ind2=" " tag="580"><subfield code="a">Also published in a triweekly edition called: Mississippi free trader and Natchez tri-weekly gazette.</subfield></datafield><datafield ind1=" " ind2="0" tag="651"><subfield code="a">Natchez (Miss.)</subfield><subfield code="v">Newspapers.</subfield></datafield><datafield ind1=" " ind2="0" tag="651"><subfield code="a">Adams County (Miss.)</subfield><subfield code="v">Newspapers.</subfield></datafield><datafield ind1=" " ind2="7" tag="655"><subfield code="a">Newspapers.</subfield><subfield code="2">fast</subfield><subfield code="0">(OCoLC)fst01423814</subfield></datafield><datafield ind1=" " ind2="7" tag="651"><subfield code="a">Mississippi</subfield><subfield code="z">Adams County.</subfield><subfield code="2">fast</subfield><subfield code="0">(OCoLC)fst01214708</subfield></datafield><datafield ind1=" " ind2="7" tag="651"><subfield code="a">Mississippi</subfield><subfield code="z">Natchez.</subfield><subfield code="2">fast</subfield><subfield code="0">(OCoLC)fst01204961</subfield></datafield><datafield ind1=" " ind2=" " tag="752"><subfield code="a">United States</subfield><subfield code="b">Mississippi</subfield><subfield code="c">Adams</subfield><subfield code="d">Natchez.</subfield></datafield><datafield ind1="1" ind2=" " tag="775"><subfield code="t">Mississippi free trader and Natchez tri-weekly gazette</subfield><subfield code="w">(DLC)sn 87090509</subfield><subfield code="w">(OCoLC)15914254</subfield></datafield><datafield ind1="0" ind2="8" tag="776"><subfield code="i">Online version:</subfield><subfield code="t">Mississippi free trader and Natchez gazette (Natchez, Miss. : 1835 : Online)</subfield><subfield code="w">(OCoLC)656283681</subfield></datafield><datafield ind1="0" ind2="0" tag="785"><subfield code="t">Mississippi free trader and Natchez weekly gazette</subfield><subfield code="w">(DLC)sn 87065433</subfield><subfield code="w">(OCoLC)15984630</subfield></datafield></record>